<?xml version="1.0" encoding="UTF-8"?><collection xmlns="http://www.loc.gov/MARC21/slim"><record><leader>00338nam--2200121-i-4500</leader><controlfield tag="001">000035860</controlfield><controlfield tag="002">20161230</controlfield><controlfield tag="005">20161230201040</controlfield><controlfield tag="008">060222s1000------------r-----000-0-eng-d</controlfield><datafield ind1=" " ind2=" " tag="080"><subfield code="a">681.3(047)</subfield></datafield><datafield ind1=" " ind2=" " tag="245"><subfield code="a">Operating systems. international computer state of the art report, 1972</subfield></datafield><datafield ind1=" " ind2=" " tag="260"><subfield code="a">Berkshire, Infotech, 1972, V + 563p</subfield></datafield><datafield ind1=" " ind2=" " tag="852"><subfield code="a">42815</subfield></datafield></record></collection>